@online{evolvRehab,
  title = {About Us},
  author = {{EvolvRehab}},
  organization = {EvolvRehab Official Website},
  url = {https://www.evolvrehab.com/about-us},
  urldate = {2024-05-02}
}
@article{ellis2022consideration,
  title={Consideration-of-concept of EvolvRehab-Body for upper limb virtual rehabilitation at home for people late after stroke},
  author={Ellis, Fiona and Hancock, Nicola and Kennedy, Niamh and Clark, Allan and Wells, Jacob and Chandler, Elizabeth and Payne, David and Pomeroy, Valerie M},
  journal={Physiotherapy},
  volume={116},
  pages={97--107},
  year={2022},
  publisher={Elsevier}
}
@article{maier2019effect,
  title={Effect of specific over nonspecific VR-based rehabilitation on poststroke motor recovery: a systematic meta-analysis},
  author={Maier, Martina and Rubio Ballester, Belen and Duff, Armin and Duarte Oller, Esther and Verschure, Paul FMJ},
  journal={Neurorehabilitation and neural repair},
  volume={33},
  number={2},
  pages={112--129},
  year={2019},
  publisher={Sage Publications Sage CA: Los Angeles, CA}
}
